<record><leader>00000cas a22000007a 4500</leader><controlfield tag="001">11880321</controlfield><controlfield tag="008">850403d19631964aluwr ne      0    0eng d</controlfield><datafield ind1=" " ind2=" " tag="010"><subfield code="a">sn 85044547 </subfield></datafield><datafield ind1=" " ind2=" " tag="040"><subfield code="a">ALM</subfield><subfield code="b">eng</subfield><subfield code="c">ALM</subfield><subfield code="d">CPN</subfield><subfield code="d">OCL</subfield><subfield code="d">CPN</subfield><subfield code="d">OCLCQ</subfield></datafield><datafield ind1=" " ind2=" " tag="042"><subfield code="a">msc</subfield></datafield><datafield ind1="0" ind2="4" tag="245"><subfield code="a">The Northporter and Moundville news.</subfield></datafield><datafield ind1=" " ind2=" " tag="260"><subfield code="a">Moundville, Ala. :</subfield><subfield code="b">W. Bradley Twitty,</subfield><subfield code="c">1963-1964.</subfield></datafield><datafield ind1=" " ind2=" " tag="300"><subfield code="a">v. :</subfield><subfield code="b">ill. ;</subfield><subfield code="c">43 cm.</subfield></datafield><datafield ind1=" " ind2=" " tag="310"><subfield code="a">Weekly</subfield></datafield><datafield ind1="0" ind2=" " tag="362"><subfield code="a">Vol. 10, no. 20 (Nov. 14, 1963)-v. 10, no. 36 (Mar. 5, 1964).</subfield></datafield><datafield ind1=" " ind2=" " tag="752"><subfield code="a">United States</subfield><subfield code="b">Alabama</subfield><subfield code="c">Hale</subfield><subfield code="d">Moundville.</subfield></datafield><datafield ind1="0" ind2="7" tag="780"><subfield code="t">Northporter</subfield></datafield><datafield ind1="0" ind2="7" tag="780"><subfield code="t">Moundville news (Moundville, Ala. : 1954)</subfield><subfield code="w">(DLC)sn 86050388</subfield></datafield><datafield ind1="0" ind2="6" tag="785"><subfield code="t">Northporter</subfield><subfield code="w">(DLC)sn 86050328</subfield></datafield><datafield ind1="0" ind2="6" tag="785"><subfield code="t">Moundville news</subfield><subfield code="w">(DLC)sn 85044548</subfield></datafield></record>